% https://truben.no/latex/bibtex/
% http://tug.ctan.org/info/biblatex-cheatsheet/biblatex-cheatsheet.pdf
% https://www.overleaf.com/learn/latex/biblatex_bibliography_styles

% Não utilize @ONLINE, opte por @MISC

%Exemplo:
%@ MISC {placeholder,
%    title = "placeholder"
%}

@article{steffenon2020katie,
    title={KATIE: modelo de tecnologia assistiva aplicando visão computacional para auxiliar pessoas com defici{\^e}ncia visual na identificação de medicamentos},
    author={Steffenon, Jaqueline Dahmer},
    year={2020},
    publisher={Universidade do Vale do Rio dos Sinos},
    url={http://www.repositorio.jesuita.org.br/bitstream/handle/UNISINOS/11044/Jaqueline%20Dahmer%20Steffenon.pdf}
}

@mastersthesis{benjamim2012identificaccao,
    title={Identificação Visual de Caixas de Medicamentos Usando Features Correspondentes},
    author={Benjamim, Xiankleber Cavalcante},
    year={2012},
    school={Universidade Federal do Rio Grande do Norte},
    url={https://repositorio.ufrn.br/bitstream/123456789/15455/1/XiankleberCB_DISSERT.pdf}
}

@mastersthesis{gadenz2019desenvolvimento,
    title={Desenvolvimento de um aplicativo para dispositivos móveis para uso de mapeamento de embalagens de medicamentos},
    author={Gadenz, Fabiano Michel},
    year={2019},
    school={Universidade Tecnológica Federal do Paraná},
    url={https://repositorio.utfpr.edu.br/jspui/bitstream/1/12486/1/aplicativomapeamentoembalagensmedicamentos.pdf}
}

@phdthesis{rodrigues2022sisamed,
    title={SISAMED: Sistema de Baixo Custo de Apoio e Alerta à Toma de Medicação em Casa Recorrendo a Visão Computacional e Modelos Deep Learning},
    author={Rodrigues, Jardson},
    year={2022},
    school={Universidade Fernando Pessoa (Portugal)},
    url={https://bdigital.ufp.pt/bitstream/10284/10958/1/DM_37712.pdf}
}

@article{CBO2013condicoes,
    title={As condições de saúde ocular no Brasil, 2023},
    author={{Conselho Brasileiro De Oftalmologia}},
    journal={São Paulo},
    year={2023},
    url={https://static.poder360.com.br/2023/06/condicoes-saude-ocular-cbo-2023-oftalmologia.pdf}
}

@online {lenscope2021,
    author = "Lenscope",
    title  = "Visão 20/20: indica visão perfeita? Saiba mais",
    month  = "2",
    year   = "2021",
    url    = "https://lenscope.com.br/blog/visao-20-20-indica-visao-perfeita-saiba-mais"
}

@ONLINE {porto2023,
    author = "{Blog da Porto}",
    title  = "Medicamentos de uso contínuo: o que você precisa saber antes de iniciar",
    month  = "11",
    year   = "2023",
    url    = "https://blog.portoseguro.com.br/medicamentos-de-uso-continuo-o-que-voce-precisa-saber-antes-de-iniciar"
}

@ONLINE {medico24hs2021,
    author = "{Médico 24hs}",
    title  = "As 10 principais doenças da terceira idade",
    month  = "8",
    year   = "2021",
    url    = "https://medico24hs.com.br/blog/saude/as-10-principais-doencas-da-terceira-idade"
}

@ONLINE {crfsp2019,
    author = "{Departamento de Comunicação CRF-SP}",
    title  = "Pesquisa aponta que 77\% dos brasileiros têm o hábito de se automedicar",
    month  = "4",
    year   = "2019",
    url    = "https://www.crfsp.org.br/noticias/10535-pesquisa-aponta-que-77-dos-brasileiros-têm-o-hábito-de-se-automedicar.html"
}

@ONLINE {ione2017,
    author = "Ione Luques and Camila Zarur",
    title  = "Parece, mas não é: o perigo de remédios com caixas similares",
    month  = "11",
    year   = "2017",
    publisher = "O Globo",
    url    = "https://oglobo.globo.com/economia/defesa-do-consumidor/parece-mas-nao-o-perigo-de-remedios-com-caixas-similares-22059860"
}

@ONLINE {g12019,
    author = "{G1}",
    title  = "Automedicação é um hábito comum a 77\% dos brasileiros",
    month  = "5",
    year   = "2019",
    url    = "https://g1.globo.com/bemestar/noticia/2019/05/13/automedicacao-e-um-habito-comum-a-77percent-dos-brasileiros.ghtml"
}

@book{gonzalez2008digital,
    title     = "Digital Image Processing",
    author    = "Gonzalez, R.C. and Woods, R.E.",
    isbn      = "9780131687288",
    lccn      = "2009289249",
    edition   = "3",
    year      = "2008",
    publisher = "Prentice Hall",
    url       = "https://dl.ebooksworld.ir/motoman/Digital.Image.Processing.3rd.Edition.www.EBooksWorld.ir.pdf",
}

@ONLINE {connell2019tetrachromacy,
    author = "Krista O'Connell",
    title  = "Tetrachromacy (`Super Vision')",
    month  = "12",
    year   = "2019",
    url    = "https://www.healthline.com/health/tetrachromacy"
}



@ONLINE {connell2019ColorBlindness,
    author = "Krista O'Connell",
    title  = "What You Need to Know About Color Blindness",
    month  = "12",
    year   = "2019",
    url    = "https://www.healthline.com/health/color-blindness"
}

@ONLINE {timjewell2023Tetrachromacy,
    author = "Tim Jewell",
    title  = "Tetrachromacy (‘Super Vision’)",
    month  = "12",
    year   = "2023",
    url    = "https://www.healthline.com/health/tetrachromacy"
}






@online {landin2022api,
    author = "Iury Landin",
    title  = "Bulário Digital || Bulário Eletrônico || API BR",
    year   = "2022",
    url    = "https://github.com/iuryLandin/bulario-api"
}


@online {landin2022bulario,
    author = "Iury Landin",
    title  = "Bulário Digital || Bulário Eletrônico",
    year   = "2022",
    url    = "https://github.com/iuryLandin/bulario"
}

@book{haralick1992computer,
    title={Computer and robot vision},
    author={Haralick, Robert M and Shapiro, Linda G},
    volume={1},
    year={1992},
    publisher={Addison-wesley Reading, MA}
}

@article{bersch2008introduccao,
    title={Introdução à tecnologia assistiva},
    author={Bersch, Rita},
    journal={Porto Alegre: CEDI},
    volume={21},
    year={2017},
    url={https://www.assistiva.com.br/Introducao_Tecnologia_Assistiva.pdf}
}

@article{sebold2020tecnologia,
    title={Tecnologia Assistiva: uma introdução},
    author={Sebold, Waston and Pedrosa, Stella Maria Peixoto de Azevedo},
    journal={Revista Educação e Cultura Contemporânea},
    volume={17},
    number={51},
    pages={111--134},
    year={2020},
    url={http://periodicos.estacio.br/index.php/reeduc/article/viewArticle/9038}
}

@article{galvao2009tecnologia,
  title={A Tecnologia Assistiva: de que se trata},
  author={Galvão Filho, Teófilo Alves},
  journal={Conexões: educação, comunicação, inclusão e interculturalidade},
  volume={1},
  pages={207--235},
  year={2009},
  publisher={Redes Editora Porto Alegre}
}

@online {anvisa2020bulario,
    author = "ANVISA",
    year   = "2020",
    title  = "Bulário Eletrônico",
    url    = "https://consultas.anvisa.gov.br/#/bulario/"
}

@MISC {anvisa2009RDC,
    author = "ANVISA",
    title  = "RDC nº 47, 8 de setembro de 2009",
    month  = "9",
    year   = "2009",
    url    = "http://www.crfsp.org.br/orientacao-farmaceutica/legislacao/113-juridico/legislacao/1699-resolucao-rdc-no-47-de-08-de-setembro-de-2009.html"
}

@ONLINE {makiyama2022Imagens,
    author = "Marcio Makiyama",
    title  = "Imagens de alta resolução: o que é e como obter a melhor qualidade",
    month  = "2",
    year   = "2022",
    url    = "https://victorvision.com.br/blog/imagens-de-alta-resolucao/"
}

@ONLINE {CV2imread,
    author = "{Open Source Computer Vision}",
    title  = "Image file reading and writing",
    year   = "2024",
    url    = "https://docs.opencv.org/4.x/d4/da8/group__imgcodecs.html"
}


@ONLINE {samuelhoffstaetter2024,
    author = "Samuel Hoffstaetter",
    title  = "Descrição do projeto",
    year   = "2024",
    url    = "https://pypi.org/project/pytesseract/"
}

@ONLINE {tesseract2024,
    author = "{Tesseract OCR}",
    title  = "Tesseract Open Source OCR Engine",
    year   = "2024",
    url    = "https://github.com/tesseract-ocr/tesseract/blob/main/README.md"
}

@ONLINE {CV2cvtColor,
    author = "{Open Source Computer Vision}",
    title  = "Color Space Conversions",
    year   = "2024",
    url    = "https://docs.opencv.org/4.x/d8/d01/group__imgproc__color__conversions.html"
}

@ONLINE {CV2threshold,
    author = "{Open Source Computer Vision}",
    title  = "Miscellaneous Image Transformations",
    year   = "2024",
    url    = "https://docs.opencv.org/4.x/d7/d1b/group__imgproc__misc.html"
}

@ONLINE {pythonSorting,
    author = "{Python Software Foundation}",
    title  = "Sorting Techniques",
    year   = "2024",
    url    = "https://docs.python.org/pt-br/3/howto/sorting.html"
}

@ONLINE {pythonOpen,
    author = "{Python Software Foundation}",
    title  = "Built-in Functions",
    year   = "2024",
    url    = "https://docs.python.org/3/library/functions.html#open"
}

@ONLINE {pythonWrite,
    author = "{Python Software Foundation}",
    title  = "Glossary",
    year   = "2024",
    url    = "https://docs.python.org/3/glossary.html#term-file-object"
}

@ONLINE {reitz2024request,
    author = "Kenneth Reitz",
    title  = "Developer Interface",
    year   = "2024",
    url    = "https://requests.readthedocs.io/en/latest/api/"
}

@ONLINE {refsnesdata2024,
    author = "{Refsnes Data}",
    title  = "Python Try Except",
    year   = "2024",
    url    = "https://www.w3schools.com/python/python_try_except.asp"
}

@ONLINE {stack2013tryrequest,
    author = "John Smith and funnydman and Jonathon Reinhart and Hayden Elza and Sam and jouell",
    title  = "Correct way to try/except using Python requests module?",
    year   = "2013",
    url    = "https://stackoverflow.com/questions/16511337/correct-way-to-try-except-using-python-requests-module"
}
